<?xml version="1.0" encoding="UTF-8"?><record xmlns="http://www.loc.gov/MARC21/slim" xmlns:cinclude="http://apache.org/cocoon/include/1.0" xmlns:zs="http://www.loc.gov/zing/srw/">
  <leader>00441cz  a2200133n  4500</leader>
  <controlfield tag="001">n  82156488 </controlfield>
  <controlfield tag="003">DLC</controlfield>
  <controlfield tag="005">20090114081301.0</controlfield>
  <controlfield tag="008">821123n| acannaabn          |n ana      </controlfield>
  <datafield tag="010" ind1=" " ind2=" ">
    <subfield code="a">n  82156488 </subfield>
  </datafield>
  <datafield tag="035" ind1=" " ind2=" ">
    <subfield code="a">(OCoLC)oca00852461</subfield>
  </datafield>
  <datafield tag="040" ind1=" " ind2=" ">
    <subfield code="a">DLC</subfield>
    <subfield code="b">eng</subfield>
    <subfield code="c">DLC</subfield>
    <subfield code="d">OCoLC</subfield>
  </datafield>
  <datafield tag="110" ind1="2" ind2=" ">
    <subfield code="a">Nihon Shodō Kenkyūkai.</subfield>
    <subfield code="b">Shuppanbu Sho no Kokoro</subfield>
  </datafield>
  <datafield tag="670" ind1=" " ind2=" ">
    <subfield code="a">Yen, C. Tung-fang Shuo hua tsan, 1980 (a.e.)</subfield>
    <subfield code="b">colophon (Nihon Shodō Kenkyūkai Shuppanbu Sho no Kokoro)</subfield>
  </datafield>
</record>